<record xmlns="http://www.loc.gov/MARC21/slim" xmlns:xsi="http://www.w3.org/2001/XMLSchema-instance" xsi:schemaLocation="http://www.loc.gov/MARC21/slim http://www.loc.gov/standards/marcxml/schema/MARC21slim.xsd"><leader>     nam a22        4500</leader><controlfield tag="001">3063817</controlfield><controlfield tag="003">NNC</controlfield><controlfield tag="006">m        d        </controlfield><controlfield tag="007">cr cn |||m|||a</controlfield><controlfield tag="008">150316s1960    ir a    o     000 0 ara d</controlfield><datafield ind1=" " ind2=" " tag="040"><subfield code="a">NNU</subfield><subfield code="b">eng</subfield><subfield code="e">rda</subfield><subfield code="c">NNU</subfield></datafield><datafield ind1="0" ind2=" " tag="041"><subfield code="a">ara</subfield><subfield code="a">per</subfield></datafield><datafield ind1=" " ind2="4" tag="050"><subfield code="a">BP193.7</subfield><subfield code="b">.N57 1960</subfield></datafield><datafield ind1="1" ind2=" " tag="100"><subfield code="a">Nira&#772;qi&#772;, Ah&#803;mad ibn Muh&#803;ammad Mahdi&#772;,</subfield><subfield code="d">1771 or 1772-1828 or 1829.</subfield></datafield><datafield ind1="1" ind2="0" tag="245"><subfield code="a">Kita&#772;b al-Khaza&#772;&#700;in ...</subfield></datafield><datafield ind1=" " ind2=" " tag="260"><subfield code="a">Tehran,</subfield><subfield code="b">Kita&#772;bfuru&#772;shi&#772;-yi &#699;ilmi&#772;ye-yi isla&#772;mi&#772;yeh,</subfield><subfield code="c">1380 [1960/61]</subfield></datafield><datafield ind1=" " ind2=" " tag="300"><subfield code="a">online resource (496 pages) :</subfield><subfield code="b">illustrations</subfield></datafield><datafield ind1=" " ind2=" " tag="336"><subfield code="a">text</subfield><subfield code="2">rdacontent</subfield></datafield><datafield ind1=" " ind2=" " tag="337"><subfield code="a">computer</subfield><subfield code="2">rdamedia</subfield></datafield><datafield ind1=" " ind2=" " tag="338"><subfield code="a">online resource</subfield><subfield code="2">rdacarrier</subfield></datafield><datafield ind1=" " ind2=" " tag="500"><subfield code="a">Part of the Arabic Collections Online (ACO) project, contributed by Columbia University Libraries.</subfield></datafield><datafield ind1=" " ind2=" " tag="533"><subfield code="a">Electronic reproduction.</subfield><subfield code="b">New York, N.Y. :</subfield><subfield code="c">New York University,</subfield><subfield code="d">2015.</subfield><subfield code="5">NNU</subfield></datafield><datafield ind1=" " ind2=" " tag="546"><subfield code="a">In Arabic and Persian.</subfield></datafield><datafield ind1=" " ind2=" " tag="500"><subfield code="a">Edited by H&#803;. H&#803;asan-za&#772;deh A&#772;mili&#772;, and &#699;Ali&#772; Akbar Ghaffa&#772;ri&#772;.</subfield></datafield><datafield ind1=" " ind2="0" tag="650"><subfield code="a">Shi&#772;&#699;ah</subfield><subfield code="x">Miscellanea.</subfield></datafield><datafield ind1=" " ind2="7" tag="650"><subfield code="a">Shi&#772;&#699;ah.</subfield><subfield code="2">fast</subfield><subfield code="0">(OCoLC)fst01117946</subfield></datafield><datafield ind1=" " ind2="7" tag="655"><subfield code="a">Miscellanea.</subfield><subfield code="2">fast</subfield><subfield code="0">(OCoLC)fst01423854</subfield></datafield><datafield ind1="2" ind2=" " tag="710"><subfield code="a">Columbia University.</subfield><subfield code="b">Libraries.</subfield></datafield><datafield ind1="0" ind2=" " tag="730"><subfield code="a">Arabic Collections Online.</subfield></datafield><datafield ind1="0" ind2="8" tag="776"><subfield code="i">Print version:</subfield><subfield code="a">Nira&#772;qi&#772;, Ah&#803;mad ibn Muh&#803;ammad Mahdi&#772;, 1771 or 1772-1828 or 1829.</subfield><subfield code="t">Kita&#772;b al-Khaza&#772;&#700;in</subfield><subfield code="w">(NNC)3063817</subfield><subfield code="w">(OCoLC)42979899</subfield></datafield><datafield ind1="4" ind2="0" tag="856"><subfield code="u">http://hdl.handle.net/2333.1/s1rn8rx6</subfield></datafield><datafield ind1=" " ind2=" " tag="959"><subfield code="a">NNU</subfield><subfield code="b">WEB</subfield><subfield code="c">GENI</subfield><subfield code="t">0</subfield><subfield code="m">Electronic access</subfield><subfield code="s">01</subfield></datafield><datafield ind1=" " ind2=" " tag="999"><subfield code="i">NNC_3063817</subfield><subfield code="o">(OCoLC)ocm42979899 </subfield><subfield code="s">columbia_aco000229</subfield><subfield code="e">(ERROR-880)</subfield></datafield></record>